<?xml version="1.0" encoding="UTF-8"?><collection xmlns="http://www.loc.gov/MARC21/slim"><record><leader>00460nam--2200169-u-4500</leader><controlfield tag="001">000052215</controlfield><controlfield tag="002">20161230</controlfield><controlfield tag="005">20161230201050</controlfield><controlfield tag="008">100525s1000------------r-----000-0-RUS-d</controlfield><datafield ind1=" " ind2=" " tag="040"><subfield code="a">IFIN-HH</subfield></datafield><datafield ind1=" " ind2=" " tag="041"><subfield code="a">RUS</subfield></datafield><datafield ind1="1" ind2=" " tag="100"><subfield code="a">Viduev,N.G</subfield></datafield><datafield ind1="1" ind2="0" tag="245"><subfield code="a">Veroeatnostno- statisticeskii analiz pogresnostei izmerinii</subfield><subfield code="c">N. g. viduev; g.s. kondra</subfield></datafield><datafield ind1=" " ind2=" " tag="260"><subfield code="a">Moskva</subfield><subfield code="b">Izdatelistbo Nedra</subfield><subfield code="c">1969</subfield></datafield><datafield ind1=" " ind2=" " tag="300"><subfield code="a">320P</subfield></datafield><datafield ind1=" " ind2=" " tag="852"><subfield code="a">31522</subfield><subfield code="c">519.2</subfield></datafield><datafield ind1=" " ind2=" " tag="CAT"><subfield code="a">Sys</subfield><subfield code="c">20100525</subfield><subfield code="h">101102</subfield></datafield></record></collection>